@MISC {1089984,
    TITLE = {The rotation of dice on a grid},
    AUTHOR = {StevenClontz (https://math.stackexchange.com/users/86887/stevenclontz)},
    HOWPUBLISHED = {Mathematics Stack Exchange},
    NOTE = {URL:https://math.stackexchange.com/q/1089984 (version: 2015-01-06)},
    EPRINT = {https://math.stackexchange.com/q/1089984},
    URL = {https://math.stackexchange.com/q/1089984}
}